% Encoding: UTF-8

@Article{Hussey:2007,
  author   = {Hussey,Michael A. and Hughes,James P.},
  title    = {Design and analysis of stepped wedge cluster randomized trials},
  journal  = {Contemporary clinical trials},
  year     = {2007},
  volume   = {28},
  number   = {2},
  pages    = {182-191},
  isbn     = {1551-7144},
  language = {English},
}

@Article{Hemming:2015,
  author       = {Hemming, K and Haines, T P and Chilton, P J and Girling, A J and Lilford, R J},
  title        = {The stepped wedge cluster randomised trial: rationale, design, analysis, and reporting},
  journal      = {BMJ},
  year         = {2015},
  volume       = {350},
  doi          = {10.1136/bmj.h391},
  elocation-id = {h391},
  eprint       = {https://www.bmj.com/content/350/bmj.h391.full.pdf},
  publisher    = {BMJ Publishing Group Ltd},
  url          = {https://www.bmj.com/content/350/bmj.h391},
}

@Article{Ouyang:2020,
  author    = {Ouyang, Yongdong and Karim, Mohammad Ehsanul and Gustafson, Paul and Field, Thalia S and Wong, Hubert},
  title     = {Explaining the variation in the attained power of a stepped-wedge trial with unequal cluster sizes},
  journal   = {BMC medical research methodology},
  year      = {2020},
  volume    = {20},
  number    = {1},
  pages     = {1--14},
  publisher = {BioMed Central},
}

@Article{Zhan:2021,
  author  = {Denghuang Zhan and Yongdong Ouyang and Liang Xu and Hubert Wong},
  title   = {Improving efficiency in the stepped-wedge trial design via Bayesian modeling with an informative prior for the time effects},
  journal = {Clinical Trials},
  year    = {2021},
  volume  = {18},
  number  = {3},
  pages   = {295-302},
  note    = {PMID: 33813906},
  doi     = {10.1177/1740774520980052},
  eprint  = {https://doi.org/10.1177/1740774520980052},
  url     = {https://doi.org/10.1177/1740774520980052  
},
}

@Article{Bowden:2021,
  author  = {Rhys Bowden and Andrew B Forbes and Jessica Kasza},
  title   = {Inference for the treatment effect in longitudinal cluster randomized trials when treatment effect heterogeneity is ignored},
  journal = {Statistical Methods in Medical Research},
  year    = {2021},
  pages   = {09622802211041754},
  note    = {PMID: 34569853},
  doi     = {10.1177/09622802211041754},
  url     = {https://doi.org/10.1177/09622802211041754
},
}

@Article{Teerenstra:2019,
  author  = {Steven Teerenstra and Monica Taljaard and Anja Haenen and Anita Huis and Femke Atsma and Laura Rodwell and Marlies Hulscher},
  title   = {Sample size calculation for stepped-wedge cluster-randomized trials with more than two levels of clustering},
  journal = {Clinical Trials},
  year    = {2019},
  volume  = {16},
  number  = {3},
  pages   = {225-236},
  note    = {PMID: 31018678},
  doi     = {10.1177/1740774519829053},
  eprint  = {https://doi.org/10.1177/1740774519829053},
  url     = {https://doi.org/10.1177/1740774519829053
},
}

@Article{Wang:2021,
  author    = {Jijia Wang and Jing Cao and Song Zhang and Chul Ahn},
  title     = {Sample size and power analysis for stepped wedge cluster randomised trials with binary outcomes},
  journal   = {Statistical Theory and Related Fields},
  year      = {2021},
  volume    = {5},
  number    = {2},
  pages     = {162-169},
  doi       = {10.1080/24754269.2021.1904094},
  eprint    = {https://doi.org/10.1080/24754269.2021.1904094},
  publisher = {Taylor \& Francis},
  url       = {https://doi.org/10.1080/24754269.2021.1904094\
},
}

@Article{Liao:2015,
  author    = {Liao, Xiaomei and Zhou, Xin and Spiegelman, Donna},
  title     = {A note on “Design and analysis of stepped wedge cluster randomized trials”},
  journal   = {Contemporary clinical trials},
  year      = {2015},
  volume    = {45},
  number    = {Pt B},
  pages     = {338},
  publisher = {NIH Public Access},
}

@Article{Brown:2006,
  author    = {Brown, Celia A and Lilford, Richard J},
  title     = {The stepped wedge trial design: a systematic review},
  journal   = {BMC medical research methodology},
  year      = {2006},
  volume    = {6},
  number    = {1},
  pages     = {1--9},
  publisher = {BioMed Central},
}

@Article{DavisPlourde:2021,
  author   = {Davis-Plourde, Kendra and Taljaard, Monica and Li, Fan},
  title    = {Sample size considerations for stepped wedge designs with subclusters},
  journal  = {Biometrics},
  year     = {2021},
  volume   = {n/a},
  number   = {n/a},
  month    = oct,
  doi      = {https://doi.org/10.1111/biom.13596},
  keywords = {cluster randomized trial, eigenvalues; extended block exchangeable correlation structure; generalized linear mixed models; power analysis},
  url      = {https://onlinelibrary.wiley.com/doi/abs/10.1111/biom.13596},
}

@Article{Harrison:2020,
  author   = {Harrison, Linda J and Chen, Tom and Wang, Rui},
  title    = {Power calculation for cross-sectional stepped wedge cluster randomized trials with variable cluster sizes},
  journal  = {Biometrics},
  year     = {2020},
  volume   = {76},
  number   = {3},
  pages    = {951-962},
  doi      = {https://doi.org/10.1111/biom.13164},
  keywords = {cluster randomized trials, cluster size variation, cross-sectional, power, sample size, stepped wedge},
  url      = {https://onlinelibrary.wiley.com/doi/abs/10.1111/biom.13164},
}

@Article{Tian:2021,
  author    = {Tian, Zibo and Preisser, John and Esserman, Denise and Turner, Elizabeth and Rathouz, Paul and Li, Fan},
  title     = {Impact of unequal cluster sizes for GEE analyses of stepped wedge cluster randomized trials with binary outcomes},
  journal   = {medRxiv},
  year      = {2021},
  publisher = {Cold Spring Harbor Laboratory Press},
}

@Article{Kasza:2021,
  author    = {Kasza, Jessica and Bowden, Rhys and Forbes, Andrew B},
  title     = {Information content of stepped wedge designs with unequal cluster-period sizes in linear mixed models: Informing incomplete designs},
  journal   = {Statistics in Medicine},
  year      = {2021},
  volume    = {40},
  number    = {7},
  pages     = {1736--1751},
  publisher = {Wiley Online Library},
}

@Article{Kristunas:2017,
  author    = {Kristunas, Caroline and Morris, Tom and Gray, Laura},
  title     = {Unequal cluster sizes in stepped-wedge cluster randomised trials: a systematic review},
  journal   = {BMJ open},
  year      = {2017},
  volume    = {7},
  number    = {11},
  pages     = {e017151},
  publisher = {British Medical Journal Publishing Group},
}

@Article{Martin:2019,
  author    = {Martin, James Thomas and Hemming, Karla and Girling, Alan},
  title     = {The impact of varying cluster size in cross-sectional stepped-wedge cluster randomised trials},
  journal   = {BMC medical research methodology},
  year      = {2019},
  volume    = {19},
  number    = {1},
  pages     = {1--11},
  publisher = {Springer},
}

@Comment{jabref-meta: databaseType:bibtex;}
